@misc{nugteren2018mygemm,
  author = {Cedric Nugteren},
  title = {Tutorial: OpenCL SGEMM tuning for Kepler},
  year = {2018},
  howpublished = {\url{https://cnugteren.github.io/tutorial/pages/page1.html}},
  note = {Дата обращения: 04.10.2025}
}

@inproceedings{clblas2015,
  title = {{clBLAS}: An Open Source {BLAS} Library for {OpenCL}},
  author = {others},
  booktitle = {Proceedings of the 3rd International Workshop on OpenCL},
  year = {2015},
  organization = {ACM}
}

@article{goto2008anatomy,
  title = {Anatomy of High-Performance Matrix Multiplication},
  author = {Goto, Kazushige and Van De Geijn, Robert A},
  journal = {ACM Transactions on Mathematical Software (TOMS)},
  volume = {34},
  number = {3},
  pages = {1--25},
  year = {2008},
  publisher = {ACM}
}

@manual{opencl_spec,
  title = {The {OpenCL} Specification, Version 3.0},
  organization = {Khronos Group},
  year = {2020},
  url = {https://www.khronos.org/opencl/}
}

@article{nickolls2008cuda,
  title = {Scalable Parallel Programming with {CUDA}},
  author = {Nickolls, John and Buck, Ian and Garland, Michael and Skadron, Kevin},
  journal = {Queue},
  volume = {6},
  number = {2},
  pages = {40--53},
  year = {2008},
  publisher = {ACM}
}

@techreport{waterman2014risc,
  title = {The {RISC-V} Instruction Set Manual, Volume I: User-Level ISA},
  author = {Waterman, Andrew and Lee, Yunsup and Patterson, David A and Asanovic, Krste},
  year = {2014},
  institution = {EECS Department, UC Berkeley}
}

@manual{spacemit2024,
  title = {{SpacemiT K1} Processor Technical Reference Manual},
  organization = {SpacemiT Technology Co., Ltd.},
  year = {2024}
}

@manual{starfive2023datasheet,
  title = {{JH7110} 64-Bit RISC-V SoC Datasheet},
  organization = {StarFive Technology Co., Ltd.},
  year = {2023}
}